<?xml version="1.0" encoding="UTF-8"?><collection xmlns="http://www.loc.gov/MARC21/slim"><record><leader>00472nam--2200145-i-4500</leader><controlfield tag="001">000025403</controlfield><controlfield tag="002">20161230</controlfield><controlfield tag="005">20161230201035</controlfield><controlfield tag="008">060222s1000------------r-----000-0-eng-d</controlfield><datafield ind1=" " ind2=" " tag="080"><subfield code="a">539.18</subfield></datafield><datafield ind1=" " ind2=" " tag="100"><subfield code="a">Jorgensen, Chr.Klixbull And Schaffer, Claus Erik</subfield></datafield><datafield ind1=" " ind2=" " tag="245"><subfield code="a">Energy levels of orthoaxial chromophores and the interrelation between cubic parent configurations</subfield></datafield><datafield ind1=" " ind2=" " tag="260"><subfield code="a">Kobenhavn, Ejnar Munksgaard, 1965, 20p</subfield></datafield><datafield ind1=" " ind2=" " tag="490"><subfield code="a">Mat&gt;fys.Medd.Dan.Vid.Selsk</subfield></datafield><datafield ind1=" " ind2=" " tag="852"><subfield code="a">25226</subfield></datafield></record></collection>